@Article{Duck2023,
  author       = {Donald Duck},
  date         = {2023-12-02},
  journaltitle = {Psychologische Abhandlungen},
  title        = {Briefe an Onkel Dagobert},
}

@Comment{jabref-meta: databaseType:biblatex;}
